% Articles
@article{anwar2014exploration,
  author = {Anwar, Zeeshan and Ahsan, Ali},
  title = {Exploration and Analysis of Regression Test Suite Optimization},
  journal = {SIGSOFT Softw. Eng. Notes},
  issue_date = {January 2014},
  volume = {39},
  number = {1},
  month = feb,
  year = {2014},
  issn = {0163-5948},
  pages = {1--5},
  numpages = {5},
  url = {http://doi.acm.org/10.1145/2557833.2557841},
  doi = {10.1145/2557833.2557841},
  acmid = {2557841},
  publisher = {ACM},
  address = {New York, NY, USA},
  keywords = {computational intelligence, regression test suite optimization, soft computing, testing}
}

@article{chittimalli2009recomputing, 
  author={Chittimalli, P.K. and Harrold, M.J.}, 
  journal={Software Engineering, IEEE Transactions on}, 
  title={Recomputing Coverage Information to Assist Regression Testing}, 
  year={2009}, 
  month={July}, 
  volume={35}, 
  number={4}, 
  pages={452-469}, 
  keywords={program testing;regression analysis;coverage information;industrial programs;regression testing;software testing;Regression testing;maintenance.;regression test selection;testing}, 
  doi={10.1109/TSE.2009.4}, 
  ISSN={0098-5589}
}

@article{fischer1997prioritizing,
  title     = {A Test Case Selection Method for the Validation of Software Maintenance Modifications},
  author    = {Fischer, K. F.},
  journal   = {In Proceedings of the International Computer Software and Applications Conference, Silver Spring},
  pages     = {421-426},
  year      = {1977},
  publisher = {IEEE Computer Press}
}

@article{harrold1993metholodgy,
  author = {Harrold, M. Jean and Gupta, Rajiv and Soffa, Mary Lou},
  title = {A Methodology for Controlling the Size of a Test Suite},
  journal = {ACM Trans. Softw. Eng. Methodol.},
  issue_date = {July 1993},
  volume = {2},
  number = {3},
  month = jul,
  year = {1993},
  issn = {1049-331X},
  pages = {270--285},
  numpages = {16},
  url = {http://doi.acm.org/10.1145/152388.152391},
  doi = {10.1145/152388.152391},
  acmid = {152391},
  publisher = {ACM},
  address = {New York, NY, USA},
  keywords = {hitting set, regression testing, software engineering, software maintenance, test suite reduction}
}

@article{janzen2005test, 
  author={Janzen, D. and Saiedian, H.}, 
  journal={Computer}, 
  title={Test-driven development concepts, taxonomy, and future direction}, 
  year={2005}, 
  month={Sept}, 
  volume={38}, 
  number={9}, 
  pages={43-50}, 
  keywords={program testing;software development management;software prototyping;automated test software;extreme programming;software development strategy;software iteration;test-driven development;Automatic programming;Automatic testing;Books;Computer science;Production;Programming profession;Software engineering;Software testing;Taxonomy;Writing;extreme programming;iterative software development;software development;test-driven development}, 
  doi={10.1109/MC.2005.314}, 
  ISSN={0018-9162}
}

@article{malhotra2010regression,
  title={A Regression Test Selection and Prioritization Technique},
  author={Malhotra, Ruchika and Kaur, Arvinder and Singh, Yogesh},
  journal={Journal of Information Processing Systems},
  volume={6},
  number={2},
  pages={235-252},
  year={2010},
}

@article{mansour2009regression,
  author = {Mansour, Nashat and Statieh, Wael},
  title = {Regression Test Selection for C\# Programs},
  journal = {Adv. Soft. Eng.},
  issue_date = {January 2009},
  volume = {2009},
  month = jan,
  year = {2009},
  issn = {1687-8655},
  pages = {1:1--1:16},
  articleno = {1},
  numpages = {16},
  url = {http://dx.doi.org/10.1155/2009/535708},
  doi = {10.1155/2009/535708},
  acmid = {1929548},
  publisher = {Hindawi Publishing Corp.},
  address = {New York, NY, United States}
}

@article{orso2004scaling,
  author = {Orso, Alessandro and Shi, Nanjuan and Harrold, Mary Jean},
  title = {Scaling Regression Testing to Large Software Systems},
  journal = {SIGSOFT Softw. Eng. Notes},
  issue_date = {November 2004},
  volume = {29},
  number = {6},
  month = oct,
  year = {2004},
  issn = {0163-5948},
  pages = {241--251},
  numpages = {11},
  url = {http://doi.acm.org/10.1145/1041685.1029928},
  doi = {10.1145/1041685.1029928},
  acmid = {1029928},
  publisher = {ACM},
  address = {New York, NY, USA},
  keywords = {regression testing, software evolution, software maintenance, test selection, testing},
}

@article{parsa2010optimization,
  title={On the Optimization Approach towards Test Suite Minimization},
  author={Parsa, Saeed and Khalilian, Alireza},
  journal={International Journal of Software Engineering and Its Applications},
  volume={4},
  number={1},
  pages={15--28},
  year={2010}
}

@article{prasad2012optimizer,
  author = {Saran Prasad and Mona Jain and Shradha Singh and C.patvardhan},
  title = {Article: Regression Optimizer A Multi Coverage Criteria Test Suite Minimization Technique},
  journal = {International Journal of Applied Information Systems},
  year = {2012},
  volume = {1},
  number = {8},
  pages = {5-11},
  month = {April},
  note = {Published by Foundation of Computer Science, New York, USA}
}

@article{rooksby2009testing,
  author = {Rooksby, John and Rouncefield, Mark and Sommerville, Ian},
  title = {Testing in the Wild: The Social and Organisational Dimensions of Real World Practice},
  journal = {Comput. Supported Coop. Work},
  issue_date = {December  2009},
  volume = {18},
  number = {5-6},
  month = dec,
  year = {2009},
  issn = {0925-9724},
  pages = {559--580},
  numpages = {22},
  url = {http://dx.doi.org/10.1007/s10606-009-9098-7},
  doi = {10.1007/s10606-009-9098-7},
  acmid = {1666323},
  publisher = {Kluwer Academic Publishers},
  address = {Norwell, MA, USA},
  keywords = {dependability, ethnography, ethnomethodology, organisational issues, software development, systems testing, work practices}
}

@article{rothermel1996analyzing,
  author = {Rothermel, Gregg and Harrold, Mary Jean},
  title = {Analyzing Regression Test Selection Techniques},
  journal = {IEEE Trans. Softw. Eng.},
  issue_date = {August 1996},
  volume = {22},
  number = {8},
  month = aug,
  year = {1996},
  issn = {0098-5589},
  pages = {529--551},
  numpages = {23},
  url = {http://dx.doi.org/10.1109/32.536955},
  doi = {10.1109/32.536955},
  acmid = {235682},
  publisher = {IEEE Press},
  address = {Piscataway, NJ, USA},
  keywords = {Software maintenance, regression testing, selective retest, regression test selection.}
}

@article{rothermel2001prioritizing, 
  author={Rothermel, G. and Untch, R.H. and Chengyun Chu and Harrold, M.J.}, 
  journal={Software Engineering, IEEE Transactions on}, 
  title={Prioritizing test cases for regression testing}, 
  year={2001}, 
  month={Oct}, 
  volume={27}, 
  number={10}, 
  pages={929-948}, 
  keywords={program debugging;program testing;code component coverage;cost-benefit analysis;experiments;regression testing;software fault correction;software fault detection rate;software testing;test case prioritization;test case scheduling;Application software;Computer Society;Computer aided software engineering;Costs;Fault detection;Feedback;Processor scheduling;Software maintenance;Software testing;System testing}, 
  doi={10.1109/32.962562}, 
  ISSN={0098-5589}
}

@article{runeson2012regression,
  title     = {Regression Testing in Software Product Line Engineering},
  author    = {Runeson, Per and Engstr√∂m, Emelie},
  journal   = {Advances in Computers},
  volume    = {86},
  pages     = {223-263},
  year      = {2012}
}

@article{sivaprasad2011efficient,
  title={An Efficient Regression Testing By Computing Coverage Data For Software Evolution},
  author={Sivaprasad, Machani},
  journal={International Journal of Computer Science \& Informatics},
  volume={1},
  number={2},
  pages={76-79},
  year={2011},
}

@article{sun2011constraint,
  title={A Constraint-based Test Suite Reduction Method for Conservative Regression Testing},
  author={Sun, Chang-ai},
  journal={Journal of Software (1796217X)},
  volume={6},
  number={2},
  year={2011},
  pages={314-321}
}

@article{voas1992pie, 
  author={Voas, J.M.}, 
  journal={Software Engineering, IEEE Transactions on}, 
  title={PIE: a dynamic failure-based technique}, 
  year={1992}, 
  month={Aug}, 
  volume={18}, 
  number={8}, 
  pages={717-727}, 
  keywords={program testing;PIE;computational behavior;data state;dynamic failure-based technique;execution;infection;program characteristics;propagation;software testing;statistically estimating;Automatic testing;Councils;Failure analysis;Fault diagnosis;Frequency estimation;Genetic mutations;Humans;Information analysis;Software testing;State estimation}, 
  doi={10.1109/32.153381}, 
  ISSN={0098-5589}
}

@article{yoo2012regression,
  author = {Yoo, S. and Harman, M.},
  title = {Regression Testing Minimization, Selection and Prioritization: A Survey},
  journal = {Softw. Test. Verif. Reliab.},
  issue_date = {March 2012},
  volume = {22},
  number = {2},
  month = mar,
  year = {2012},
  issn = {0960-0833},
  pages = {67--120},
  numpages = {54},
  url = {http://dx.doi.org/10.1002/stv.430},
  doi = {10.1002/stv.430},
  acmid = {2284813},
  publisher = {John Wiley and Sons Ltd.},
  address = {Chichester, UK},
  keywords = {regression test selection, regression testing, test case prioritization, test suite minimization}
} 

% Books
@book{ammann2008introduction,
  title={Introduction to Software Testing},
  author={Ammann, P. and Offutt, J.},
  isbn={9781139468671},
  year={2008},
  publisher={Cambridge University Press}
}

@book{annika1993intervju,
  title={Intervjumetodik},
  author={Lantz, A.},
  year={1993},
  publisher={Studentlitteratur AB},
  isbn={9789144381312},
}

@book{humble2010continuous,
  title={Continuous Delivery: Reliable Software Releases through Build, Test, and Deployment Automation},
  author={Humble, J. and Farley, D.},
  isbn={9780321670229},
  series={Addison-Wesley Signature Series (Fowler)},
  year={2010},
  publisher={Pearson Education}
}

@book{jacobsen1993intervju,
  title={Intervju: konsten att lyssna och fr√•ga},
  author={Jacobsen, J.K. and Nilsson, B.},
  isbn={9789144383613},
  year={1993},
  publisher={Studentlitteratur AB}
}

@book{jorgensen2002software,
  title={Software Testing: A Craftsman's Approach, Second Edition},
  author={Jorgensen, P.C.},
  isbn={9780849308093},
  lccn={2002022405},
  series={Software engineering series},
  year={2002},
  publisher={Taylor \& Francis}
}

@book{kniberg2010kanban,
  title={Kanban and Scrum: Making the Most of Both},
  author={Kniberg, H. and Skarin, M.},
  isbn={9780557138326},
  series={Enterprise software development series},
  year={2010},
  publisher={Lulu Enterprises Incorporated}
}

@book{leffingwell2007scaling,
  title={Scaling Software Agility: Best Practices for Large Enterprises},
  author={Leffingwell, D.},
  isbn={9780321630063},
  series={Agile Software Development Series},
  year={2007},
  publisher={Pearson Education}
}

@book{mens2008software,
  title={Software Evolution},
  author={Mens, T. and Demeyer, S.},
  isbn={9783540764403},
  series={SpringerLink: Springer e-Books},
  year={2008},
  publisher={Springer}
}

@book{rahman2012expert,
  title={Expert C\# 5.0: with the .NET 4.5 Framework},
  author={Rahman, Mohammad},
  isbn={9781430248613},
  series={Expert's voice in .NET},
  year={2012},
  publisher={Apress}
}

@book{stober2009agile,
  title={Agile Software Development: Best Practices for Large Software Development Projects},
  author={Stober, T. and Hansmann, U.},
  isbn={9783540708322},
  lccn={2009931706},
  year={2009},
  publisher={Springer}
}

% In Proceedings
@inproceedings{asaduzzaman2012bug, 
  author={Asaduzzaman, M. and Bullock, M.C. and Roy, C.K. and Schneider, K.A.}, 
  booktitle={Mining Software Repositories (MSR), 2012 9th IEEE Working Conference on}, 
  title={Bug introducing changes: A case study with Android}, 
  year={2012}, 
  month={June}, 
  pages={116-119}, 
  keywords={mobile computing;program debugging;software maintenance;Android case study;Android platform;Android software development;bug report mapping;maintenance implications;source code;Androids;Computer bugs;Humanoid robots;Joining processes;Prediction algorithms;Programming;Software;Bug;bug report;change log;fixes}, 
  doi={10.1109/MSR.2012.6224267}, 
  ISSN={2160-1852}
}

@inproceedings{do2008empirical,
  author = {Do, Hyunsook and Mirarab, Siavash and Tahvildari, Ladan and Rothermel, Gregg},
  title = {An Empirical Study of the Effect of Time Constraints on the Cost-benefits of Regression Testing},
  booktitle = {Proceedings of the 16th ACM SIGSOFT International Symposium on Foundations of Software Engineering},
  series = {SIGSOFT '08/FSE-16},
  year = {2008},
  isbn = {978-1-59593-995-1},
  location = {Atlanta, Georgia},
  pages = {71--82},
  numpages = {12},
  url = {http://doi.acm.org/10.1145/1453101.1453113},
  doi = {10.1145/1453101.1453113},
  acmid = {1453113},
  publisher = {ACM},
  address = {New York, NY, USA},
  keywords = {empirical studies, regression testing, test case prioritization}
}

@inproceedings{engstrom2010qualitative,
  author = {Engstr√∂m, Emelie and Runeson, Per},
  title = {A Qualitative Survey of Regression Testing Practices},
  booktitle = {Proceedings of the 11th International Conference on Product-Focused Software Process Improvement},
  series = {PROFES'10},
  year = {2010},
  isbn = {3-642-13791-1, 978-3-642-13791-4},
  location = {Limerick, Ireland},
  pages = {3--16},
  numpages = {14},
  url = {http://dx.doi.org/10.1007/978-3-642-13792-1_3},
  doi = {10.1007/978-3-642-13792-1_3},
  acmid = {2177324},
  publisher = {Springer-Verlag},
  address = {Berlin, Heidelberg},
  keywords = {industry practice, regression testing, survey}
}

@inproceedings{nanda2011regression,
  author = {Nanda, Agastya and Mani, Senthil and Sinha, Saurabh and Harrold, Mary Jean and Orso, Alessandro},
  title = {Regression Testing in the Presence of Non-code Changes},
  booktitle = {Proceedings of the 2011 Fourth IEEE International Conference on Software Testing, Verification and Validation},
  series = {ICST '11},
  year = {2011},
  isbn = {978-0-7695-4342-0},
  pages = {21--30},
  numpages = {10},
  url = {http://dx.doi.org/10.1109/ICST.2011.60},
  doi = {10.1109/ICST.2011.60},
  acmid = {1990068},
  publisher = {IEEE Computer Society},
  address = {Washington, DC, USA}
}

@inproceedings{rothermel1999testcase, 
  author={Rothermel, G. and Untch, R.H. and Chengyun Chu and Harrold, M.J.}, 
  booktitle={Software Maintenance, 1999. (ICSM '99) Proceedings. IEEE International Conference on}, 
  title={Test case prioritization: an empirical study}, 
  year={1999}, 
  month={}, 
  pages={179-188}, 
  keywords={program testing;debuggers;fault detection;objective function;regression test;test case prioritization;test cases;Computer aided software engineering;Computer science;Ear;Fault detection;Feedback;Information science;Job shop scheduling;Software maintenance;Software testing;System testing}, 
  doi={10.1109/ICSM.1999.792604}, 
  ISSN={1063-6773}
}

@inproceedings{willmor2005safe, 
  author={Willmor, D. and Embury, S.M.}, 
  booktitle={Software Maintenance, 2005. ICSM'05. Proceedings of the 21st IEEE International Conference on}, 
  title={A safe regression test selection technique for database-driven applications}, 
  year={2005}, 
  month={Sept}, 
  pages={421-430}, 
  keywords={database management systems;program diagnostics;program testing;software maintenance;database management system;database-driven application;safe regression test selection;software maintenance;Application software;Computer science;Costs;Databases;Hardware;Performance evaluation;Safety;Software systems;Software testing;System testing}, 
  doi={10.1109/ICSM.2005.15}, 
  ISSN={1063-6773}
}

@inproceedings{wong1995effect,
  author = {Wong, W. Eric and Horgan, Joseph R. and London, Saul and Mathur, Aditya P.},
  title = {Effect of Test Set Minimization on Fault Detection Effectiveness},
  booktitle = {Proceedings of the 17th International Conference on Software Engineering},
  series = {ICSE '95},
  year = {1995},
  isbn = {0-89791-708-1},
  location = {Seattle, Washington, USA},
  pages = {41--50},
  numpages = {10},
  url = {http://doi.acm.org/10.1145/225014.225018},
  doi = {10.1145/225014.225018},
  acmid = {225018},
  publisher = {ACM},
  address = {New York, NY, USA}
} 

@inproceedings{wong1997study, 
  author={Wong, W.E. and Horgan, J.R. and London, S. and Agrawal, H.}, 
  booktitle={Software Reliability Engineering, 1997. Proceedings., The Eighth International Symposium on}, 
  title={A study of effective regression testing in practice}, 
  year={1997}, 
  month={Nov},
  pages={264-274}, 
  keywords={configuration management;minimisation;program testing;software maintenance;software tools;statistical analysis;ATAC;Automatic Testing Analysis tool in C;execution traces;hybrid technique;modification-based test selection;output behavior;previous software versions;prioritization-based selection;program modifications;regression testing;representative subset;software changes;software features;source code changes;test cases;test set minimization;test set prioritization;Computer bugs;Performance evaluation;Software debugging;Software performance;Software testing;Time factors}, 
  doi={10.1109/ISSRE.1997.630875}
}

% Misc
@misc{microsoft2013language,
  title = {C\# Language Specification 5.0},
  author = {Microsoft},
  howpublished = {\url{http://www.microsoft.com/en-us/download/details.aspx?id=7029}},
  year = {2013},
  note = {Online; accessed 2014-06-18}
}

@misc{microsoft2014redirect,
  title = {Redirecting Assembly Versions},
  author = {Microsoft},
  howpublished = {\url{http://msdn.microsoft.com/en-us/library/7wd6ex19(v=vs.110).aspx}},
  year = {2014},
  note = {Online; accessed 2014-06-18}
}

@misc{poole2012test,
  title = {TestCaseAttribute (NUnit 2.5)},
  author = {Poole, Charlie},  
  howpublished = {\url{http://www.nunit.org/index.php?p=testCase&r=2.6.3}},
  year = {2012},
  note = {Online; accessed 2014-05-26}
}

@misc{poole2013parallel,
  title = {Framework Parallel Test Execution},
  author = {Poole, Charlie},
  howpublished = {\url{https://github.com/nunit/dev/wiki/Framework-Parallel-Test-Execution/}},
  year = {2014},
  note = {Online; accessed 2014-05-26}
}